@techreport{      a.b.g.l.:14,
  author	= {Agullo, Emmanuel and Buttari, Alfredo and
		  Guermouche, Abdou and Lopez, Florent},
  title		= "{Implementing multifrontal sparse solvers for multicore
		  architectures with Sequential Task Flow runtime systems}",
  year		= {2014},
  month		= {November},
  number	= {IRI/RT--2014-03--FR},
  institution	= {IRIT},
  note		= {Submitted to ACM Transactions On Mathematical Software},
  keywords	= {lopezsubmittedjournal,submitted},
  url		= {http://buttari.perso.enseeiht.fr/stuff/IRI-RT--2014-03--FR.pdf},
		  
}

@article{ a.d.d:96,
  author = {Amestoy, Patrick R. and Davis, Timothy A. and Duff, Iain S.},
  title = {An Approximate Minimum Degree Ordering Algorithm},
  journal = {SIAM J. Matrix Anal. Appl.},
  issue_date = {Oct. 1996},
  volume = {17},
  number = {4},
  month = oct,
  year = {1996},
  issn = {0895-4798},
  pages = {886--905},
  numpages = {20},
  url = {http://dx.doi.org/10.1137/S0895479894278952},
  doi = {10.1137/S0895479894278952},
  acmid = {242944},
  publisher = {Society for Industrial and Applied Mathematics},
  address = {Philadelphia, PA, USA},
  keywords = {approximate minimum degree ordering algorithm, graph
                  algorithms, ordering algorithms, quotient graph,
                  sparse matrices},
} 

@article{a.d.d:04,
  author = {Amestoy, Patrick R. and Davis, Timothy A. and Duff, Iain S.},
  title = {Algorithm 837: AMD, an Approximate Minimum Degree Ordering
                  Algorithm},
  journal = {ACM Trans. Math. Softw.},
  issue_date = {September 2004},
  volume = {30},
  number = {3},
  month = sep,
  year = {2004},
  issn = {0098-3500},
  pages = {381--388},
  numpages = {8},
  url = {http://doi.acm.org/10.1145/1024074.1024081},
  doi = {10.1145/1024074.1024081},
  acmid = {1024081},
  publisher = {ACM},
  address = {New York, NY, USA},
  keywords = {Linear equations, minimum degree, ordering methods, sparse matrices},
} 

@Article{	  a.d.d.h.ea:09,
  author	= {Agullo, Emmanuel and Demmel, Jim and Dongarra, Jack and
		  Hadri, Bilel and Kurzak, Jakub and Langou, Julien and Ltaief,
		  Hatem and Luszczek, Piotr and Tomov, Stanimire},
  title		= {Numerical linear algebra on emerging architectures: The
		  {PLASMA} and {MAGMA} projects},
  journal	= {Journal of Physics: Conference Series},
  volume	= 180,
  number	= 1,
  pages		= 012037,
  url		= {http://stacks.iop.org/1742-6596/180/i=1/a=012037},
  year		= 2009
}

@article {  a.t.n.w:11,
 author         = {Augonnet, Cédric and Thibault, Samuel and Namyst, Raymond and Wacrenier, Pierre-André},
 title          = {StarPU: a unified platform for task scheduling on heterogeneous multicore architectures},
 journal        = {Concurrency and Computation: Practice and Experience},
 volume         = {23},
 number         = {2},
 publisher      = {John Wiley & Sons, Ltd.},
 issn           = {1532-0634},
 url            = {http://dx.doi.org/10.1002/cpe.1631},
 doi            = {10.1002/cpe.1631},
 pages          = {187--198},
 keywords       = {GPU, multicore, accelerator, scheduling, runtime system},
 year           = {2011},
}

@Article{	  b:13,
  author	= {Buttari, Alfredo},
  title		= {Fine-Grained Multithreading for the Multifrontal {QR}
		  Factorization of Sparse Matrices},
  journal	= {SIAM Journal on Scientific Computing},
  volume	= {35},
  number	= {4},
  pages		= {C323-C345},
  year		= {2013},
  url		= {http://epubs.siam.org/doi/abs/10.1137/110846427},
  eprint	= {http://epubs.siam.org/doi/pdf/10.1137/110846427}
}

@inproceedings{ b.b.d.f.ea:11,
  TITLE         = {{Distibuted Dense Numerical Linear Algebra
                  Algorithms on massively parallel architectures:
                  DPLASMA}},
  AUTHOR        = {Bosilca, George and Bouteiller, Aur{\'e}lien and
                  Danalis, Anthony and Faverge, Mathieu and Haidar,
                  Azzam and H{\'e}rault, Thomas and Kurzak, Jakub and
                  Langou, Julien and Lemarinier, Pierre and Ltaief,
                  Hatem and Luszczek, Piotr and Yarkhan, Asym and
                  Dongarra, Jack J.},
  URL           = {https://hal.inria.fr/hal-00809680},
  BOOKTITLE     = {{Proceedings of the 25th IEEE International
                  Symposium on Parallel and Distributed Processing
                  Workshops and Phd Forum (IPDPSW'11), PDSEC 2011}},
  ADDRESS       = {Anchorage, United States},
  PAGES         = {1432--1441},
  YEAR          = {2011},
  MONTH         = May,
  PDF           = {https://hal.inria.fr/hal-00809680/file/DPLASMA_technical_report.pdf},
  HAL_ID        = {hal-00809680},
  HAL_VERSION   = {v1},
}

@article{         b.b.d.f.ea:13,
  author        = {George Bosilca and Aurelien Bouteiller and Anthony
                   Danalis and Mathieu Faverge and Thomas
                   H{\'{e}}rault and Jack J. Dongarra},
  title         = {PaRSEC: Exploiting Heterogeneity to Enhance
                   Scalability},
  journal       = {Computing in Science and Engineering},
  volume        = {15},
  number        = {6},
  pages         = {36--45},
  year          = {2013},
  url           = {http://dx.doi.org/10.1109/MCSE.2013.98},
  doi           = {10.1109/MCSE.2013.98},
  timestamp     = {Fri, 07 Mar 2014 20:14:02 +0100},
  biburl        =
                   {http://dblp.uni-trier.de/rec/bib/journals/cse/BosilcaBDFHD13},
  bibsource     = {dblp computer science bibliography,
                   http://dblp.org}
}

@inproceedings{ c.l:95,
  author        = {Cosnard, M. and Loi, M.},
  booktitle     = {System Sciences, 1995. Proceedings of the
                   Twenty-Eighth Hawaii International Conference on},
  title         = {Automatic task graph generation techniques},
  year          = {1995},
  volume        = {2},
  pages         = {113-122 vol.2},
  doi           = {10.1109/HICSS.1995.375471},
  month         = {Jan},
}

@article{ d.h:11,
  author	= {Davis, Timothy A. and Hu, Yifan},
  title		= {The university of {F}lorida sparse matrix collection},
  journal	= {ACM Trans. Math. Softw.},
  issue_date	= {November 2011},
  volume	= 38,
  number	= 1,
  month		= dec,
  year		= 2011,
  issn		= {0098-3500},
  pages		= {1:1--1:25},
  articleno	= 1,
  numpages	= 25,
  url		= {http://doi.acm.org/10.1145/2049662.2049663},
  acmid		= 2049663,
  publisher	= {ACM},
  address	= {New York, NY, USA},
  keywords	= {Graph drawing, multilevel algorithms, performance
		  evaluation, sparse matrices}
}

@Article{	  g.l:78,
  author	= {George, A. and Liu, J. W. H.},
  title		= {An automatic nested dissection algorithm for irregular
		  finite element problems},
  journal	= {SINUM},
  year		= 1978,
  pages		= {1053--1069},
  volume	= 15
}

@Article{	  h.r.r:02,
  author	= {H\'enon, Pascal and Ramet, Pierre and Roman, Jean},
  title		= {{PaStiX}: {A} {H}igh-{P}erformance {P}arallel {D}irect
		  {S}olver for {S}parse {S}ymmetric {D}efinite {S}ystems},
  journal	= {{P}arallel {C}omputing},
  year		= 2002,
  volume	= 28,
  number	= 2,
  pages		= {301--321},
  month		= jan
}

@article{ h.r.s:10,
  author        = {J. D. Hogg and J. K. Reid and J. A. Scott},
  title         = {Design of a Multicore Sparse Cholesky Factorization Using DAGs},
  journal       = {SIAM Journal on Scientific Computing},
  volume        = {32},
  number        = {6},
  pages         = {3627-3649},
  year          = {2010},
  doi           = {10.1137/090757216},
  URL           = {http://dx.doi.org/10.1137/090757216},
  eprint        = {http://dx.doi.org/10.1137/090757216}
}

@TechReport{ h.s:10,
  author        = {J. D. Hogg and J. A. Scott},
  title         = {A modern analyse phase for sparse tree-based direct methods},
  year		= {2010},
  institution	= {STFC Rutherford Appleton Lab.},
  number        = {RAL-TR-2010-031},
  url		= {https://epubs.stfc.ac.uk/work/54246}
}

@Article{	  i.c.q.q.ea:12,
  author	= {F. D. Igual and E. Chan and E. S. Quintana-Ort\'{\i} and
		  G. Quintana-Ort\'{\i} and R. A. van de Geijn and F. G. Van
		  Zee},
  title		= {The FLAME approach: From dense linear algebra algorithms
		  to high-performance multi-accelerator implementations},
  journal	= {J. Parallel Distrib. Comput.},
  volume	= 72,
  number	= 9,
  year		= 2012,
  pages		= {1134-1143},
  ee		= {http://dx.doi.org/10.1016/j.jpdc.2011.10.014},
  bibsource	= {DBLP, http://dblp.uni-trier.de}
}

@article{ k.k:98,
 author = {Karypis, George and Kumar, Vipin},
 title = {A Fast and High Quality Multilevel Scheme for Partitioning Irregular Graphs},
 journal = {SIAM J. Sci. Comput.},
 issue_date = {Aug. 1998},
 volume = {20},
 number = {1},
 month = dec,
 year = {1998},
 issn = {1064-8275},
 pages = {359--392},
 numpages = {34},
 url = {http://dx.doi.org/10.1137/S1064827595287997},
 doi = {10.1137/S1064827595287997},
 acmid = {305248},
 publisher = {Society for Industrial and Applied Mathematics},
 address = {Philadelphia, PA, USA},
 keywords = {fill-reducing orderings, finite element computations, graph partitioning, parallel computations},
} 

@article{l:85,
 author         = {Liu, Joseph W. H.},
 title          = {Modification of the Minimum-degree Algorithm by Multiple Elimination},
 journal        = {ACM Trans. Math. Softw.},
 issue_date     = {June 1985},
 volume         = {11},
 number         = {2},
 month          = jun,
 year = {1985},
 issn = {0098-3500},
 pages = {141--153},
 numpages = {13},
 url = {http://doi.acm.org/10.1145/214392.214398},
 doi = {10.1145/214392.214398},
 acmid = {214398},
 publisher = {ACM},
 address = {New York, NY, USA},
 keywords = {elimination, minimum degree, ordering, sparse ordering},
} 


@phdthesis{       l:15,
  author        = {Lopez, Florent},
  title         = {Task-based multifrontal QR solver for heterogeneous
                  architectures},
  year          = {2015},
  month         = {d\'ecembre},
  type          = {Th\`ese de doctorat},
  school        = {Universit\'e Paul Sabatier},
  address       = {Toulouse, France},
  language      = {anglais},
} 

@ARTICLE{ t.w:67,
 author         = {W. F. Tinney and J. W. Walker},
 journal        = {Proceedings of the IEEE},
 title          = {Direct solutions of sparse network equations by
                  optimally ordered triangular factorization},
 year={1967},
 volume={55},
 number={11},
 pages={1801-1809},
 keywords       = {Computer applications;Equations;Gaussian
                  processes;Matrix decomposition;Power industry;Power
                  system stability;Power system transients;Roundoff
                  errors;Sparse matrices;Symmetric matrices},
 doi={10.1109/PROC.1967.6011},
 ISSN={0018-9219},
 month={Nov},
}
